<?xml version="1.0" encoding="UTF-8"?><collection xmlns="http://www.loc.gov/MARC21/slim"><record><leader>00512nam--2200169-u-4500</leader><controlfield tag="001">000056816</controlfield><controlfield tag="002">20191024</controlfield><controlfield tag="005">20191024061205</controlfield><controlfield tag="008">191024s1000------------r-----000-0-eng-d</controlfield><datafield ind1=" " ind2=" " tag="041"><subfield code="a">eng</subfield></datafield><datafield ind1="1" ind2=" " tag="100"><subfield code="a">Brussaard, Gerrit Jacobus Hendrik</subfield></datafield><datafield ind1="1" ind2="0" tag="245"><subfield code="a">Remote Arc Generated Plasma in Diatomic Gases</subfield><subfield code="c">Gerrit Jacobus Hendrik Brussaard</subfield></datafield><datafield ind1=" " ind2=" " tag="260"><subfield code="a">Eindhoven</subfield><subfield code="b">EindhovenUniversity of Technology</subfield><subfield code="c">1999</subfield></datafield><datafield ind1=" " ind2=" " tag="300"><subfield code="a">143 p</subfield></datafield><datafield ind1=" " ind2=" " tag="500"><subfield code="a">donatie Gheorghe Dinescu</subfield></datafield><datafield ind1=" " ind2=" " tag="852"><subfield code="a">82760</subfield><subfield code="c">533.9</subfield></datafield><datafield ind1=" " ind2=" " tag="CAT"><subfield code="a">SYS</subfield><subfield code="c">20191024</subfield><subfield code="h">061205</subfield></datafield></record></collection>